% This file was created with JabRef 2.10.
% Encoding: UTF-8


@Article{Calandra2016,
  Title                    = {Bayesian Optimization for Learning Gaits under Uncertainty},
  Author                   = {Calandra, Roberto and Andr\'e Seyfarth and Peters, Jan and Marc P. Deisenroth},
  Journal                  = {Annals of Mathematics and Artificial Intelligence (AMAI)},
  Year                     = {2016},
  Number                   = {1},
  Pages                    = {5--23},
  Volume                   = {76},

  Doi                      = {10.1007/s10472-015-9463-9},
  ISSN                     = {1573-7470},
  Keywords                 = {Gait Optimization, Bayesian Optimization, Bipedal Locomotion, Optimization},
  Owner                    = {Roberto Calandra},
  Timestamp                = {2015.05.06}
}

